

@article {NAMD,
author = {Phillips, James C. and Braun, Rosemary and Wang, Wei and Gumbart, James and Tajkhorshid, Emad and Villa, Elizabeth and Chipot, Christophe and Skeel, Robert D. and Kal√©, Laxmikant and Schulten, Klaus},
title = {Scalable molecular dynamics with NAMD},
journal = {Journal of Computational Chemistry},
volume = {26},
number = {16},
publisher = {Wiley Subscription Services, Inc., A Wiley Company},
issn = {1096-987X},
url = {http://dx.doi.org/10.1002/jcc.20289},
doi = {10.1002/jcc.20289},
pages = {1781--1802},
keywords = {biomolecular simulation, molecular dynamics, parallel computing},
year = {2005},
note = {\url{http://www.ks.uiuc.edu/Research/namd/}}
}


@misc{Jenkins,
 title = {Jenkins Website},
 howpublished = {\url{https://jenkins.io}},
 note = {Accessed: 2017-04-04}
}

@misc{JenkinsSSHPlugin,
 title = {Jenkins SSH Plugin},
 howpublished = {\url{https://wiki.jenkins-ci.org/display/JENKINS/SSH+plugin}},
 note = {Accessed: 2017-04-04}
}

@misc{ApacheModProxy,
 title = {Apache Module mod_proxy},
 howpublished = {\url{https://httpd.apache.org/docs/2.4/mod/mod_proxy.html}},
 note = {Accessed: 2017-04-04}
}

@misc{RSASecurID,
 title = {RSA SecurID Wikipedia Page},
 howpublished = {\url{https://en.wikipedia.org/wiki/RSA_SecurID}},
 note = {Accessed: 2017-04-04}
}

@misc{ApacheBasicAuth,
 title = {Apache Basic Authentication},
 howpublished = {\url{https://httpd.apache.org/docs/2.4/howto/auth.html}},
 note = {Accessed: 2017-04-04}
}

@misc{ApacheModAuthExt,
 title = {Apache Module for External Authentication},
 howpublished = {\url{https://github.com/phokz/mod-auth-external/tree/master/mod_authnz_external}},
 note = {Accessed: 2017-04-04}
}


@misc{BasicAuthOTPSession,
 title = {Simple Session Management for HTTP Basic Authentication with One-Time Password (OTP)},
 howpublished = {\url{https://github.com/reubendb/BasicAuthOTPSession}},
 note = {Accessed: 2017-04-04}
}
